<record><leader>00000cas a22000007a 4500</leader><controlfield tag="001">12891137</controlfield><controlfield tag="008">851210d18921901inudn ne      0    0eng d</controlfield><datafield ind1=" " ind2=" " tag="010"><subfield code="a">sn 85048224 </subfield></datafield><datafield ind1=" " ind2=" " tag="040"><subfield code="a">NPI</subfield><subfield code="b">eng</subfield><subfield code="c">NPI</subfield><subfield code="d">OCLCQ</subfield></datafield><datafield ind1=" " ind2=" " tag="042"><subfield code="a">msc</subfield></datafield><datafield ind1="0" ind2=" " tag="130"><subfield code="a">Daily news (Connersville, Ind.)</subfield></datafield><datafield ind1="1" ind2="0" tag="245"><subfield code="a">Daily news.</subfield></datafield><datafield ind1=" " ind2=" " tag="260"><subfield code="a">Connersville, Ind. :</subfield><subfield code="b">Times-News Co.,</subfield><subfield code="c">1892-1901.</subfield></datafield><datafield ind1=" " ind2=" " tag="300"><subfield code="a">10 v. :</subfield><subfield code="b">ill. (chiefly advertisements) ;</subfield><subfield code="c">56 cm.</subfield></datafield><datafield ind1=" " ind2=" " tag="310"><subfield code="a">Daily (except Sun.)</subfield></datafield><datafield ind1="0" ind2=" " tag="362"><subfield code="a">Vol. 6, no. 1626 (Nov. 21, 1892)-v. 14, no. 34 (Dec. 11, 1901).</subfield></datafield><datafield ind1=" " ind2=" " tag="500"><subfield code="a">In Oct. 1892 ownership and management of the "Daily news" consolidated with that of the "Connersville times," although both papers retained their original titles. Cf. Miller, John W. Indiana newspaper bibliog.</subfield></datafield><datafield ind1=" " ind2=" " tag="515"><subfield code="a">Issue for Dec. 11, 1901 called also whole no. 4,85 [i.e. 4,485].</subfield></datafield><datafield ind1=" " ind2=" " tag="752"><subfield code="a">United States</subfield><subfield code="b">Indiana</subfield><subfield code="c">Fayette</subfield><subfield code="d">Connersville.</subfield></datafield><datafield ind1="0" ind2="0" tag="780"><subfield code="t">Connersville daily news</subfield><subfield code="w">(DLC)sn 85048223</subfield></datafield><datafield ind1="0" ind2="0" tag="785"><subfield code="t">Evening news (Connersville, Ind.)</subfield><subfield code="w">(DLC)sn 85048225</subfield></datafield><datafield ind1="1" ind2=" " tag="787"><subfield code="t">Connersville times</subfield><subfield code="w">(DLC)sn 84027292</subfield></datafield><datafield ind1="1" ind2=" " tag="029"><subfield code="a">AU@</subfield><subfield code="b">000025841348</subfield></datafield></record>